@MISC{teoricasAlgo3,
	author = "",
	year = "2019",
	title = "Algoritmos y Estructuras de Datos III - Clases Te√≥ricas",
	keywords={intro}
}

@book{brassard,
	author = {Brassard, Gilles and Bratley, Paul},
	title = {Fundamentals of Algorithmics},
	year = {1996},
	isbn = {0133350681},
	publisher = {Prentice-Hall, Inc.},
	address = {USA}
}

@inbook {brassard.1.2,
	crossref={brassard},
	chapter={1.2 What is an Algorithm?},
	keywords={intro},
	pages={1-56}
}

@inbook {brassard.6,
	crossref={brassard},
	chapter={6. Greedy Algorithms},
	keywords={intro},
	pages={187-190}
}

@inbook {brassard.7,
	crossref={brassard},
	chapter={6. Devide And Conquer},
	keywords={intro},
	pages={219-225}
}

@book{hoppcroft,
	author = {Aho, Alfred V. and Hopcroft, John E.},
	title = {The  Design and Analysis of Computer Algorithms},
	year = {1974},
	isbn = {0201000296},
	publisher = {Addison-Wesley Longman Publishing Co., Inc.},
	address = {USA},
	edition = {1st},
	abstract = {From the Publisher: With this text, you gain an understanding of the fundamental concepts of algorithms, the very heart of computer science. It introduces the basic data structures and programming techniques often used in efficient algorithms. Covers use of lists, push-down stacks, queues, trees, and graphs. Later chapters go into sorting, searching and graphing algorithms, the string-matching algorithms, and the Schonhage-Strassen integer-multiplication algorithm. Provides numerous graded exercises at the end of each chapter. 0201000296B04062001}
}

@inbook {hoppcroft.1.2,
	crossref={hoppcroft},
	chapter={1. Models Of Computation},
	keywords={intro},
	pages={1-43}
}